@manual{ftaweb,
    key = {Federal Transit Authority, 2017},
    title = {History of the NTD and Transit in the United States},
    year = {2017},
    publisher = {Federal Transit Administration},
    url = {https://www.transit.dot.gov/ntd/history-ntd-and-transit-united-states},
    urldate = {2024-04-15}
}

@article{erhardt22,
    author = {Gregory D. Erhardt and Jawad Mahmud Hoque and Vedant Goyal and Simon Berrebi and Candace Brakewood and Kari E. Watkins},
    title = {Why has public transit ridership declined in the United States?},
    journal = {Transportation Research Part A: Policy and Practice},
    year = {2022}
}

@manual{atpafact,
    title = {Public Transportation Facts},
    publisher = {American Public Transportation Association},
    url = {https://www.apta.com/news-publications/public-transportation-facts/},
    urldate = {2024-04-15}
}

@article{mcfarlandcnn,
    author = {Matt McFarland},
    title = {Uber wants to compete with public transit. These experts are horrified},
    journal = {CNN},
    year = {2019}
}

@article{erhardt22,
    author = {Gregory D. Erhardt and Jawad Mahmud Hoque and Vedant Goyal and Simon Berrebi and Candace Brakewood and Kari E. Watkins},
    title = {Why has public transit ridership declined in the United States?},
    journal = {Transportation Research Part A: Policy and Practice},
    volume = {161},
    year = {2022}
}

@article{Hall2018,
    author = {Jonathan D. Hall and Craig Palsson and Joseph Price},
    title = {Is Uber a substitute or complement for public transit?},
    journal = {Journal of Urban Economics},
    volume = {108},
    pages = {36-50},
    year = {2018}
}

@article{zhao19,
  author={Weihua Zhao},
  title={The long run effects of Uber on public transit, congestion, sprawl, and the environment},
  year={2019},
}

@article{agrawal23,
    author = {David R. Agrawal and Weihua Zhao},
    title = {Taxing Uber},
    journal = {Journal of Public Economics},
    volume = {221},
    year = {2023}
}

@article{depaul,
    author = {Joseph P. Schwieterman and Mallory Livingston and Stijn Van Der Slot},
    title = {Partners in Transit: A Review of Partnerships Between Transportation Network Companies and Public Agencies in the United States},
    journal = {Chaddick Institute of Metropolitan Development at DePaul University},
    year = {2018}
}

@article{wang,
    author = {Kyungsoon Wang and Myungje Woo},
    title = {The relationship between transit rich neighborhoods and transit ridership: Evidence from the decentralization of poverty},
    journal = {Applied Geography},
    volume = {86},
    year = {2017}
}

@article{tampa,
    author = {Tampa Bay Newspapers},
    title = {PSTA launches Direct Connect program},
    journal = {Suncoast News},
    year = {2017}
}

@article{sunab,
    author = {Liyang Sun and Sarah Abraham},
    title = {Estimating dynamic treatment effects in event studies with heterogeneous treatment effects},
    journal = {Journal of Econometrics},
    year = {2021}
}

@manual{atpapartner,
    title = {Transit and TNC Partnerships},
    publisher = {American Public Transportation Association},
    url = {https://www.apta.com/research-technical-resources/mobility-innovation-hub/transit-and-tnc-partnerships/},
    urldate = {2024-04-16}
}

@manual{vox,
    title = {The 48 cities where Uber is cutting prices},
    publisher = {Vox},
    url = {https://www.vox.com/2015/1/9/7519237/the-48-cities-where-uber-is-cutting-prices},
    author = {Timothy B. Lee},
    year = {2015}
}

@article{sherman,
    author = {Len Sherman},
    title = {Uberâ€™s New Math: Increase Prices And Squeeze Driver Pay},
    journal = {Forbes},
    url = {https://www.forbes.com/sites/lensherman/2023/01/16/ubers-new-math-increase-prices-and-squeeze-driver-pay/?sh=29963df2c8a2},
    year = {2023}
}

@article{guardian,
    author = {Harry Davies and Simon Goodley and Felicity Lawrence and Paul Lewis and Lisa O'Carroll},
    title = {Uber broke laws, duped police and secretly lobbied governments, leak reveals},
    journal = {The Guardian},
    url = {https://www.theguardian.com/news/2022/jul/10/uber-files-leak-reveals-global-lobbying-campaign},
    year = {2022}
}